@article{ye2023,
    author = {Ye, Tszyu},
    year = {2023},
    title = {Social Media and Its Impact: Individuals and Society},
    journal = {Journal of Education, Humanities and Social Sciences},
    volume = {8},
    pages = {642-646},
    doi = {10.54097/ehss.v8i.4321}
}

@book{azizi2019,
    author = {Azizi Rostam, Fatemeh},
    year = {2019},
    title = {In A World Without Social Media}
}

@article{siddiqi2024,
    author = {Siddiqi, M. M.},
    year = {2024},
    title = {Future of digital education: inclusive, immersive, equitable},
    journal = {MediaSpace: DME Media Journal of Communication},
    volume = {5},
    number = {01},
    pages = {8-24}
}

@article{onyema2020,
    author = {Onyema, E. M. and Eucheria, N. C. and Obafemi, F. A. and Sen, S. and Atonye, F. G. and Sharma, A. and Alsayed, A. O.},
    year = {2020},
    title = {Impact of Coronavirus pandemic on education},
    journal = {Journal of education and practice},
    volume = {11},
    number = {13},
    pages = {108-121}
}

@inproceedings{hilton2016,
    author = {Hilton, M. and Tunnell, T. and Huang, K. and Marinov, D. and Dig, D.},
    year = {2016},
    title = {Usage, costs, and benefits of continuous integration in open-source projects},
    booktitle = {Proceedings of the 31st IEEE/ACM international conference on automated software engineering},
    pages = {426-437},
    month = {August}
}

@article{moise2021,
    author = {Moise, D. and Diaconu, A. and Negescu, M. D. O. and Gombos, C. C.},
    year = {2021},
    title = {Online education during pandemic times: advantages and disadvantages},
    journal = {European Journal of Sustainable Development},
    volume = {10},
    number = {4},
    pages = {63-63}
}

@book{macionis2012,
    author = {Macionis, J. J. and Plummer, K.},
    year = {2012},
    title = {Sociology: A Global Introduction},
    edition = {5},
    publisher = {Prentice Hall},
    address = {London}
}

@book{alotaibi2020,
    author = {Alotaibi, B.},
    year = {2020},
    title = {Educational Sociology},
    publisher = {Daralmoqhim},
    address = {Riyadh}
}

@book{algazwi2004,
    author = {Algazwi, F. and Khazailah, A. and Albanwi, N. and Altaher, J.},
    year = {2004},
    publisher = {Dar alshorooq},
    address = {Jordan}
}

@book{talaat2010,
    author = {Talaat, L.},
    year = {2010},
    title = {Introduction to Sociology},
    publisher = {AlMotanabi},
    address = {Al Dammam}
} 